@incollection{Fayyad:1996:DMK:257938.257942,
    title = {{Advances in Knowledge Discovery and Data Mining}},
    year = {1996},
    author = {Fayyad, Usama M and Piatetsky-Shapiro, Gregory and Smyth, Padhraic},
    editor = {Fayyad, Usama M and Piatetsky-Shapiro, Gregory and Smyth, Padhraic and Uthurusamy, Ramasamy},
    chapter = {From Data },
    pages = {1--34},
    publisher = {American Association for Artificial Intelligence},
    url = {http://dl.acm.org/citation.cfm?id=257938.257942},
    address = {Menlo Park, CA, USA},
    isbn = {0-262-56097-6}
}

@techreport{Feurer,
    title = {{Methods for Improving Bayesian Optimization for AutoML}},
    author = {Feurer, Matthias and Klein, Aaron and Eggensperger, Katharina and Springenberg, Jost Tobias and Blum, Manuel and Hutter, Frank},
    url = {https://ml.informatik.uni-freiburg.de/papers/15-AUTOML-AutoML.pdf},
    keywords = {Automated machine learning, Bayesian optimization, Meta-learning, ensemble construction}
}

@article{Bergstra:2012:RSH:2503308.2188395,
    title = {{Random Search for Hyper-parameter Optimization}},
    year = {2012},
    journal = {J. Mach. Learn. Res.},
    author = {Bergstra, James and Bengio, Yoshua},
    number = {1},
    pages = {281--305},
    volume = {13},
    publisher = {JMLR.org},
    url = {http://dl.acm.org/citation.cfm?id=2503308.2188395},
    issn = {1532-4435},
    keywords = {deep learning, global optimization, model selection, neural networks, response surface modeling}
}

@incollection{sqlalchemy,
    title = {{SQLAlchemy}},
    year = {2012},
    booktitle = {The Architecture of Open Source Applications Volume II: Structure, Scale, and a Few More Fearless Hacks},
    author = {Bayer, Michael},
    editor = {Brown, Amy and Wilson, Greg},
    publisher = {aosabook.org},
    url = {http://aosabook.org/en/sqlalchemy.html}
}

@article{Corchado2019AConformations,
    title = {{A Meta-Learning Recommendation System for Characterizing Unsupervised Problems : On Using Quality Indices to Describe Data Conformations}},
    year = {2019},
    author = {Corchado, Emilio},
    pages = {63247--63263},
    doi = {10.1109/ACCESS.2019.2917004}
}

@article{Pimentel2019AMeta-learning,
    title = {{A new data characterization for selecting clustering algorithms using meta-learning}},
    year = {2019},
    journal = {Information Sciences},
    author = {Pimentel, Bruno Almeida and de Carvalho, André C.P.L.F.},
    month = {3},
    pages = {203--219},
    volume = {477},
    publisher = {Elsevier},
    url = {https://www.sciencedirect.com/science/article/pii/S0020025518308624},
    doi = {10.1016/J.INS.2018.10.043},
    issn = {0020-0255}
}

@misc{ASTATWORX,
    title = {{A Performance Benchmark of Different AutoML Frameworks | STATWORX}},
    url = {https://www.statworx.com/de/blog/a-performance-benchmark-of-different-automl-frameworks/}
}

@article{Luo2016AValues,
    title = {{A review of automatic selection methods for machine learning algorithms and hyper-parameter values}},
    year = {2016},
    journal = {Network Modeling Analysis in Health Informatics and Bioinformatics},
    author = {Luo, Gang},
    number = {1},
    month = {12},
    pages = {18},
    volume = {5},
    publisher = {Springer Vienna},
    url = {http://link.springer.com/10.1007/s13721-016-0125-6},
    doi = {10.1007/s13721-016-0125-6},
    issn = {2192-6662}
}

@techreport{ACharacteristics,
    title = {{A Survey {\&}amp; Current Research Challenges in Meta Learning Approaches based on Dataset Characteristics}},
    url = {http://citeseerx.ist.psu.edu/viewdoc/download?doi=10.1.1.683.8572&rep=rep1&type=pdf}
}

@article{Benabdellah2019AContext,
    title = {{A survey of clustering algorithms for an industrial context}},
    year = {2019},
    journal = {Procedia Computer Science},
    author = {Benabdellah, Abla Chouni and Benghabrit, Asmaa and Bouhaddou, Imane},
    month = {1},
    pages = {291--302},
    volume = {148},
    publisher = {Elsevier},
    url = {https://www.sciencedirect.com/science/article/pii/S1877050919300225},
    doi = {10.1016/J.PROCS.2019.01.022},
    issn = {1877-0509}
}

@article{Weiss2016ALearning,
    title = {{A survey of transfer learning}},
    year = {2016},
    journal = {Journal of Big Data},
    author = {Weiss, Karl and Khoshgoftaar, Taghi M. and Wang, Ding Ding},
    number = {1},
    volume = {3},
    isbn = {4053701600},
    doi = {10.1186/s40537-016-0043-6},
    issn = {21961115},
    arxivId = {1808.01974}
}

@techreport{Frazier2018AOptimization,
    title = {{A Tutorial on Bayesian Optimization}},
    year = {2018},
    author = {Frazier, Peter I},
    url = {https://arxiv.org/pdf/1807.02811.pdf},
    arxivId = {1807.02811v1}
}

@techreport{Brochu2010ALearning,
    title = {{A Tutorial on Bayesian Optimization of Expensive Cost Functions, with Application to Active User Modeling and Hierarchical Reinforcement Learning}},
    year = {2010},
    author = {Brochu, Eric and Cora, Vlad M and De Freitas, Nando},
    url = {https://arxiv.org/pdf/1012.2599.pdf},
    arxivId = {1012.2599v1}
}

@techreport{Brochu2010ALearningb,
    title = {{A Tutorial on Bayesian Optimization of Expensive Cost Functions, with Application to Active User Modeling and Hierarchical Reinforcement Learning}},
    year = {2010},
    author = {Brochu, Eric and Cora, Vlad M and De Freitas, Nando},
    arxivId = {1012.2599v1}
}

@article{Liu2018AAutoML,
    title = {{A Very Brief and Critical Discussion on AutoML}},
    year = {2018},
    author = {Liu, Bin},
    month = {11},
    url = {http://arxiv.org/abs/1811.03822},
    arxivId = {1811.03822}
}

@article{Kettani2015AK-means:K-means,
    title = {{AK-means: an automatic clustering algorithm based on K-means}},
    year = {2015},
    journal = {Journal of Advanced Computer Science {\&} Technology},
    author = {Kettani, Omar and Ramdani, Faical and Tadili, Benaissa and Tadili, Benaissa},
    number = {2},
    month = {6},
    pages = {231},
    volume = {4},
    url = {http://www.sciencepubco.com/index.php/JACST/article/view/4749},
    doi = {10.14419/jacst.v4i2.4749},
    issn = {2227-4332},
    keywords = {Automatic Clustering, Free Clustering., G, K, Means, Parameter}
}

@article{Jain1988AlgorithmsData,
    title = {{Algorithms for clustering data}},
    year = {1988},
    author = {Jain, Anil K. and Dubes, Richard C.},
    publisher = {Prentice-Hall, Inc.},
    isbn = {0-13-022278-X}
}

@techreport{BergstraAlgorithmsOptimization,
    title = {{Algorithms for Hyper-Parameter Optimization}},
    author = {Bergstra, James and Bardenet, Rémi and Bengio, Yoshua and K{\'{e}}gl, Balázs},
    url = {https://papers.nips.cc/paper/4443-algorithms-for-hyper-parameter-optimization.pdf}
}

@article{Soares2009AnData,
    title = {{An Analysis of Meta-learning Techniques for Ranking Clustering Algorithms Applied to Artificial Data}},
    year = {2009},
    author = {Soares, Rodrigo G F and Ludermir, Teresa B and Carvalho, Francisco A T De},
    pages = {131--140},
    keywords = {clustering, meta-learning}
}

@inproceedings{Soares2009AnDatab,
    title = {{An analysis of meta-learning techniques for ranking clustering algorithms applied to artificial data}},
    year = {2009},
    booktitle = {Lecture Notes in Computer Science (including subseries Lecture Notes in Artificial Intelligence and Lecture Notes in Bioinformatics)},
    author = {Soares, Rodrigo G.F. and Ludermir, Teresa B. and De Carvalho, Francisco A.T.},
    isbn = {3642042732},
    doi = {10.1007/978-3-642-04274-4{\_}14},
    issn = {03029743},
    keywords = {Clustering, Meta-learning}
}

@techreport{GuyonAnalysis2015-2018,
    title = {{Analysis of the AutoML Challenge series 2015-2018}},
    author = {Guyon, Isabelle and UPSud, chalearnorg and Paris-Saclay, U and Lisheng Sun-Hosoya, Usa and Jair Escalante, Hugo},
    url = {http://automl.chalearn.}
}

@misc{AnnouncingAzure,
    title = {{Announcing automated ML capability in Azure Machine Learning | Blog | Microsoft Azure}},
    url = {https://azure.microsoft.com/en-us/blog/announcing-automated-ml-capability-in-azure-machine-learning/}
}

@article{Fritz2019ASAP-DM:Mining,
    title = {{ASAP-DM: a framework for automatic selection of analytic platforms for data mining}},
    year = {2019},
    journal = {SICS Software-Intensive Cyber-Physical Systems},
    author = {Fritz, Manuel and Muazzen, Osama and Behringer, Michael and Schwarz, Holger},
    month = {8},
    publisher = {Springer Science and Business Media LLC},
    doi = {10.1007/s00450-019-00408-7},
    issn = {2524-8510}
}

@inproceedings{Swearingen2017ATM:Learning,
    title = {{ATM: A distributed, collaborative, scalable system for automated machine learning}},
    year = {2017},
    booktitle = {2017 IEEE International Conference on Big Data (Big Data)},
    author = {Swearingen, Thomas and Drevo, Will and Cyphers, Bennett and Cuesta-Infante, Alfredo and Ross, Arun and Veeramachaneni, Kalyan},
    month = {12},
    pages = {151--162},
    publisher = {IEEE},
    url = {http://ieeexplore.ieee.org/document/8257923/},
    isbn = {978-1-5386-2715-0},
    doi = {10.1109/BigData.2017.8257923}
}

@techreport{JinAuto-Keras:System,
    title = {{Auto-Keras: An Efficient Neural Architecture Search System}},
    author = {Jin, Haifeng and Song, Qingquan and Hu, Xia},
    url = {https://autokeras.com},
    arxivId = {1806.10282v3},
    keywords = {AutoML, Automated Machine Learning, Bayesian Optimization, Network Morphism, Neural Architecture Search}
}

@article{Jin2018Auto-Keras:System,
    title = {{Auto-Keras: An Efficient Neural Architecture Search System}},
    year = {2018},
    author = {Jin, Haifeng and Song, Qingquan and Hu, Xia},
    month = {6},
    url = {http://arxiv.org/abs/1806.10282},
    arxivId = {1806.10282}
}

@article{Jin2018Auto-Keras:Systemb,
    title = {{Auto-Keras: An Efficient Neural Architecture Search System}},
    year = {2018},
    author = {Jin, Haifeng and Song, Qingquan and Hu, Xia},
    month = {6},
    url = {http://arxiv.org/abs/1806.10282},
    arxivId = {1806.10282}
}

@techreport{Kotthoff2017Auto-WEKAWEKA,
    title = {{Auto-WEKA 2.0: Automatic model selection and hyperparameter optimization in WEKA}},
    year = {2017},
    booktitle = {Journal of Machine Learning Research},
    author = {Kotthoff, Lars and Thornton, Chris and Hoos, Holger H and Hutter, Frank and Leyton-Brown, Kevin},
    pages = {1--5},
    volume = {18},
    url = {http://automl.org/autoweka},
    keywords = {Feature Selection, Hyperparameter Optimization, Model Selection}
}

@inproceedings{Thornton2013Auto-WEKA:Algorithms,
    title = {{Auto-WEKA: combined selection and hyperparameter optimization of classification algorithms}},
    year = {2013},
    booktitle = {Proceedings of the 19th ACM SIGKDD international conference on Knowledge discovery and data mining - KDD '13},
    author = {Thornton, Chris and Hutter, Frank and Hoos, Holger H. and Leyton-Brown, Kevin},
    pages = {847},
    publisher = {ACM Press},
    url = {http://dl.acm.org/citation.cfm?doid=2487575.2487629},
    address = {New York, New York, USA},
    isbn = {9781450321747},
    doi = {10.1145/2487575.2487629},
    keywords = {hyperparameter optimization, model selection, weka}
}

@techreport{ThorntonAuto-WEKA:Algorithms,
    title = {{Auto-WEKA: Combined Selection and Hyperparameter Optimization of Classification Algorithms}},
    author = {Thornton, Chris and Hutter, Frank and Hoos, Holger H and Leyton-Brown, Kevin},
    url = {http://www.cs.ubc.ca/labs/beta/Projects/autoweka/papers/autoweka.pdf},
    keywords = {WEKA, hyperparameter optimization, model selection}
}

@inproceedings{Kaul2017AutoLearnSelection,
    title = {{AutoLearn — Automated Feature Generation and Selection}},
    year = {2017},
    booktitle = {2017 IEEE International Conference on Data Mining (ICDM)},
    author = {Kaul, Ambika and Maheshwary, Saket and Pudi, Vikram},
    month = {11},
    pages = {217--226},
    publisher = {IEEE},
    url = {http://ieeexplore.ieee.org/document/8215494/},
    isbn = {978-1-5386-3835-4},
    doi = {10.1109/ICDM.2017.31}
}

@techreport{ElshawiAutomatedChallenges,
    title = {{Automated Machine Learning: State-of-The-Art and Open Challenges}},
    author = {Elshawi, Radwa and Maher, Mohamed and Sakr, Sherif},
    url = {https://hbr.org/2015/05/data-scientists-dont-scale},
    arxivId = {1906.02287v2}
}

@article{Elshawi2019AutomatedChallenges,
    title = {{Automated Machine Learning: State-of-The-Art and Open Challenges}},
    year = {2019},
    author = {Elshawi, Radwa and Maher, Mohamed and Sakr, Sherif},
    month = {6},
    url = {http://arxiv.org/abs/1906.02287},
    arxivId = {1906.02287}
}

@article{Salvador2018AutomaticAuto-WEKA,
    title = {{Automatic Composition and Optimization of Multicomponent Predictive Systems With an Extended Auto-WEKA}},
    year = {2018},
    journal = {IEEE Transactions on Automation Science and Engineering},
    author = {Salvador, Manuel Martin and Budka, Marcin and Gabrys, Bogdan},
    pages = {1--14},
    url = {https://ieeexplore.ieee.org/document/8550732/},
    doi = {10.1109/TASE.2018.2876430},
    issn = {1545-5955}
}

@techreport{2018AutomaticChallenges,
    title = {{Automatic Machine Learning: Methods, Systems, Challenges}},
    year = {2018},
    url = {https://www.ml4aad.org/wp-content/uploads/2018/12/automl_book.pdf}
}

@incollection{Olson2016AutomatingOptimization,
    title = {{Automating Biomedical Data Science Through Tree-Based Pipeline Optimization}},
    year = {2016},
    author = {Olson, Randal S. and Urbanowicz, Ryan J. and Andrews, Peter C. and Lavender, Nicole A. and Kidd, La Creis and Moore, Jason H.},
    pages = {123--137},
    publisher = {Springer, Cham},
    url = {http://link.springer.com/10.1007/978-3-319-31204-0_9},
    doi = {10.1007/978-3-319-31204-0{\_}9}
}

@inproceedings{Sparks2015AutomatingLearning,
    title = {{Automating model search for large scale machine learning}},
    year = {2015},
    booktitle = {Proceedings of the Sixth ACM Symposium on Cloud Computing - SoCC '15},
    author = {Sparks, Evan R. and Talwalkar, Ameet and Haas, Daniel and Franklin, Michael J. and Jordan, Michael I. and Kraska, Tim},
    pages = {368--380},
    publisher = {ACM Press},
    url = {http://dl.acm.org/citation.cfm?doid=2806777.2806945},
    address = {New York, New York, USA},
    isbn = {9781450336512},
    doi = {10.1145/2806777.2806945}
}

@techreport{Feurer2018AutoMLWorkshop,
    title = {{AutoML Workshop}},
    year = {2018},
    author = {Feurer, Matthias and Eggensperger, Katharina and Falkner, Stefan and Lindauer, Marius and Hutter, Frank},
    url = {https://ml.informatik.uni-freiburg.de/papers/18-AUTOML-AutoChallenge.pdf},
    keywords = {Bayesian optimization, automated machine learning, competitions, hy-perparameter tuning, meta-learning, successive halving}
}

@techreport{Kim2016AutoMLWorkshop,
    title = {{AutoML Workshop}},
    year = {2016},
    booktitle = {JMLR: Workshop and Conference Proceedings},
    author = {Kim, Jungtaek and Jeong, Jongheon and Choi, Seungjin},
    pages = {1--4},
    volume = {1},
    url = {https://competitions.codalab.org/competitions/2321.},
    keywords = {Automated machine learning, Mondrian forests regression, random space par-titioning optimizer}
}

@misc{AutoML:Documentation,
    title = {{AutoML: Automatic Machine Learning — H2O 3.24.0.5 documentation}},
    url = {http://docs.h2o.ai/h2o/latest-stable/h2o-docs/automl.html}
}

@inproceedings{dasDores2018Bandit-BasedLearning,
    title = {{Bandit-Based Automated Machine Learning}},
    year = {2018},
    booktitle = {2018 7th Brazilian Conference on Intelligent Systems (BRACIS)},
    author = {das Dores, Silvia Cristina Nunes and Soares, Carlos and Ruiz, Duncan},
    month = {10},
    pages = {121--126},
    publisher = {IEEE},
    url = {https://ieeexplore.ieee.org/document/8575600/},
    isbn = {978-1-5386-8023-0},
    doi = {10.1109/BRACIS.2018.00029}
}

@techreport{HellerBayesianClustering,
    title = {{Bayesian Hierarchical Clustering}},
    author = {Heller, Katherine A and Ghahramani, Zoubin},
    url = {http://citeseerx.ist.psu.edu/viewdoc/download?doi=10.1.1.65.9093&rep=rep1&type=pdf}
}

@techreport{DewanckerBayesianPrimer,
    title = {{Bayesian Optimization Primer}},
    author = {Dewancker, Ian and Mccourt, Michael and Clark, Scott},
    url = {https://sigopt.com/research.},
    isbn = {0471056693}
}

@techreport{BalajiBenchmarkingFrameworks,
    title = {{Benchmarking Automatic Machine Learning Frameworks}},
    author = {Balaji, Adithya and Allen, Alexander},
    url = {https://arxiv.org/pdf/1808.06492.pdf},
    arxivId = {1808.06492v1}
}

@techreport{BalajiBenchmarkingFrameworksb,
    title = {{Benchmarking Automatic Machine Learning Frameworks}},
    author = {Balaji, Adithya and Allen, Alexander},
    url = {https://arxiv.org/pdf/1808.06492.pdf},
    arxivId = {1808.06492v1}
}

@techreport{Falkner2018BOHB:Scale,
    title = {{BOHB: Robust and Efficient Hyperparameter Optimization at Scale}},
    year = {2018},
    author = {Falkner, Stefan and Klein, Aaron and Hutter, Frank},
    url = {http://proceedings.mlr.press/v80/falkner18a/falkner18a.pdf}
}

@techreport{KimCHOPTPLATFORMS,
    title = {{CHOPT : AUTOMATED HYPERPARAMETER OPTIMIZATION FRAMEWORK FOR CLOUD-BASED MACHINE LEARNING PLATFORMS}},
    author = {Kim, Jinwoong and Kim, Minkyu and Park, Heungseok and Kusdavletov, Ernar and Lee, Dongjun and Kim, Adrian and Kim, Ji-Hoon and Ha, Jung-Woo and Sung, Nako},
    url = {https://arxiv.org/pdf/1810.03527.pdf},
    arxivId = {1810.03527v2}
}

@misc{CloudCloud,
    title = {{Cloud AutoML – Benutzerdefinierte Modelle f{\"{u}}r maschinelles Lernen | Google Cloud}},
    url = {https://cloud.google.com/automl/},
    howpublished = {https://cloud.google.com/automl/}
}

@article{Ferrari2014ClusteringApproach,
    title = {{Clustering Algorithm Recommendation : A Meta-learning Approach Clustering Algorithm Recommendation : A Meta-learning Approach}},
    year = {2014},
    author = {Ferrari, Daniel G and Castro, Leandro Nunes De},
    number = {December 2012},
    isbn = {9783642353802},
    doi = {10.1007/978-3-642-35380-2}
}

@article{GomesFerrari2015ClusteringMethods,
    title = {{Clustering algorithm selection by meta-learning systems: A new distance-based problem characterization and ranking combination methods}},
    year = {2015},
    journal = {INFORMATION SCIENCES},
    author = {Gomes Ferrari, Daniel and Nunes de Castro, Leandro},
    pages = {181--194},
    volume = {301},
    url = {http://dx.doi.org/10.1016/j.ins.2014.12.044},
    doi = {10.1016/j.ins.2014.12.044},
    keywords = {Algorithm ranking, Algorithm selection, Clustering, Meta-knowledge, Meta-learning systems, Problem characterization}
}

@inproceedings{Kaufman1987ClusteringMedoids,
    title = {{Clustering by means of Medoids}},
    year = {1987},
    booktitle = {Statistical Data Analysis Based on the L1–Norm and Related Methods},
    author = {Kaufman, L. and Rousseeuw, P.J.},
    editor = {Dodge, Y.},
    pages = {405–416}
}

@article{Alqurashi2019ClusteringMethod,
    title = {{Clustering ensemble method}},
    year = {2019},
    journal = {International Journal of Machine Learning and Cybernetics},
    author = {Alqurashi, Tahani and Wang, Wenjia},
    number = {6},
    month = {6},
    pages = {1227--1246},
    volume = {10},
    publisher = {Springer Berlin Heidelberg},
    url = {http://link.springer.com/10.1007/s13042-017-0756-7},
    doi = {10.1007/s13042-017-0756-7},
    issn = {1868-8071}
}

@article{Khurana2017Cognito:Learning,
    title = {{Cognito: Automated Feature Engineering for Supervised Learning}},
    year = {2017},
    journal = {IEEE International Conference on Data Mining Workshops, ICDMW},
    author = {Khurana, Udayan and Turaga, Deepak and Samulowitz, Horst and Parthasrathy, Srinivasan},
    pages = {1304--1307},
    publisher = {IEEE},
    isbn = {9781509054725},
    doi = {10.1109/ICDMW.2016.0190},
    issn = {23759259},
    keywords = {Data Science, Feature Construction, Feature Engineering, Machine Learning}
}

@article{Craenendonck2017Constraint-basedSelection,
    title = {{Constraint-based clustering selection}},
    year = {2017},
    journal = {Machine Learning},
    author = {Craenendonck, Toon Van and Blockeel, Hendrik},
    pages = {1497--1521},
    volume = {106},
    url = {https://link.springer.com/content/pdf/10.1007%2Fs10994-017-5643-7.pdf},
    doi = {10.1007/s10994-017-5643-7},
    keywords = {Active constraint selection, Algorithm and hyperparameter selection, Constraint-based clustering}
}

@techreport{AdamDealingSelection,
    title = {{Dealing with overlapping clustering: a constraint-based approach to algorithm selection}},
    author = {Adam, Antoine and Kuleuven, Hendrik Blockeel},
    url = {http://ceur-ws.org/Vol-1455/paper-06.pdf},
    keywords = {algorithm selection, clustering, constraints}
}

@book{KanterDeepEndeavors,
    title = {{Deep Feature Synthesis: Towards Automating Data Science Endeavors}},
    author = {Kanter, James Max and Veeramachaneni, Kalyan},
    url = {https://www.featurelabs.com/wp-content/uploads/2017/12/DSAA_DSM_2015.pdf},
    isbn = {9781467382731}
}

@techreport{Guyon2015DesignUSA,
    title = {{Design and First Results RPI, USA UEA, UK INAOE, Mexico IBM, USA N uria Maci a NYU, USA NYU, USA}},
    year = {2015},
    author = {Guyon, Isabelle and Bennett, Kristin and Cawley, Gavin and Jair Escalante, Hugo and Escalera, Sergio and Kam Ho, Tin and Bisakha Ray, Andorra and Saeed, Mehreen and Alexander Statnikov, Pakistan and Viegas, Evelyne},
    url = {http://codalab.org/AutoML}
}

@inproceedings{Guyon2015DesignChallenge,
    title = {{Design of the 2015 ChaLearn AutoML challenge}},
    year = {2015},
    booktitle = {2015 International Joint Conference on Neural Networks (IJCNN)},
    author = {Guyon, Isabelle and Bennett, Kristin and Cawley, Gavin and Escalante, Hugo Jair and Escalera, Sergio and {Tin Kam Ho} and Macia, Nuria and Ray, Bisakha and Saeed, Mehreen and Statnikov, Alexander and Viegas, Evelyne},
    month = {7},
    pages = {1--8},
    publisher = {IEEE},
    url = {http://ieeexplore.ieee.org/document/7280767/},
    isbn = {978-1-4799-1960-4},
    doi = {10.1109/IJCNN.2015.7280767}
}

@misc{Feurer2015EfficientLearning,
    title = {{Efficient and Robust Automated Machine Learning}},
    year = {2015},
    author = {Feurer, Matthias and Klein, Aaron and Eggensperger, Katharina and Springenberg, Jost and Blum, Manuel and Hutter, Frank},
    pages = {2962--2970},
    url = {http://papers.nips.cc/paper/5872-efficient-and-robust-automated-machine-learning}
}

@techreport{CaruanaEnsembleModels,
    title = {{Ensemble Selection from Libraries of Models}},
    author = {Caruana, Rich and Crew, Geoff and Ksikes, Alex},
    url = {http://www.cs.cornell.edu/~alexn/papers/shotgun.icml04.revised.rev2.pdf}
}

@inproceedings{Olson2016EvaluationScience,
    title = {{Evaluation of a Tree-based Pipeline Optimization Tool for Automating Data Science}},
    year = {2016},
    booktitle = {Proceedings of the 2016 on Genetic and Evolutionary Computation Conference - GECCO '16},
    author = {Olson, Randal S. and Bartley, Nathan and Urbanowicz, Ryan J. and Moore, Jason H.},
    pages = {485--492},
    publisher = {ACM Press},
    url = {http://dl.acm.org/citation.cfm?doid=2908812.2908918},
    address = {New York, New York, USA},
    isbn = {9781450342063},
    doi = {10.1145/2908812.2908918},
    keywords = {Pareto optimization, data science, genetic programming, hyperparameter optimization, machine learning, pipeline optimization, python}
}

@techreport{LoutfiEvaluationAlgorithms,
    title = {{Evaluation of Prediction Mechanisms of Parameters for Data Mining Algorithms}},
    author = {Loutfi, Kinda and Fritz, Manuel and Michael Behringer, Dipl-Inf},
    url = {https://elib.uni-stuttgart.de/bitstream/11682/9877/1/Position-Based Prediction Using Voronoi Diagrams.pdf}
}

@article{Katz2017ExploreKit:Selection,
    title = {{ExploreKit: Automatic feature generation and selection}},
    year = {2017},
    journal = {Proceedings - IEEE International Conference on Data Mining, ICDM},
    author = {Katz, Gilad and Shin, Eui Chul Richard and Song, Dawn},
    pages = {979--984},
    publisher = {IEEE},
    isbn = {9781509054725},
    doi = {10.1109/ICDM.2016.176},
    issn = {15504786}
}

@article{Vukicevic2016ExtendingMeasures,
    title = {{Extending meta-learning framework for clustering gene expression data with component-based algorithm design and internal evaluation measures}},
    year = {2016},
    journal = {International Journal of Data Mining and Bioinformatics},
    author = {Vukicevic, Milan and Radovanovic, Sandro and Delibasic, Boris and Suknovic, Milija},
    number = {2},
    pages = {101},
    volume = {14},
    url = {http://www.inderscience.com/link.php?id=74682},
    doi = {10.1504/IJDMB.2016.074682},
    issn = {1748-5673}
}

@techreport{ShindlerFastDatasets,
    title = {{Fast and Accurate k-llleans For Large Datasets}},
    author = {Shindler, Michael and Wong, Alex and Meyerson, Adam},
    url = {https://papers.nips.cc/paper/4362-fast-and-accurate-k-means-for-large-datasets.pdf}
}

@techreport{Klein2017FastDatasets,
    title = {{Fast Bayesian Optimization of Machine Learning Hyperparameters on Large Datasets}},
    year = {2017},
    author = {Klein, Aaron and Falkner, Stefan and Bartels, Simon and Hennig, Philipp and Hutter, Frank},
    arxivId = {1605.07079v2}
}

@techreport{SmithFeatureHub:Science,
    title = {{FeatureHub: Towards collaborative data science}},
    author = {Smith, Micah J and Wedge, Roy and Veeramachaneni, Kalyan},
    url = {https://github.com/HDI-Project/FeatureHub.}
}

@article{Gullo2015FromDo,
    title = {{From Patterns in Data to Knowledge Discovery: What Data Mining Can Do}},
    year = {2015},
    journal = {Physics Procedia},
    author = {Gullo, Francesco},
    month = {1},
    pages = {18--22},
    volume = {62},
    publisher = {Elsevier},
    url = {https://www.sciencedirect.com/science/article/pii/S187538921500036X},
    doi = {10.1016/J.PHPRO.2015.02.005},
    issn = {1875-3892}
}

@inproceedings{Zhao2009G-Means:Detection,
    title = {{G-Means: A clustering algorithm for intrusion detection}},
    year = {2009},
    booktitle = {Lecture Notes in Computer Science (including subseries Lecture Notes in Artificial Intelligence and Lecture Notes in Bioinformatics)},
    author = {Zhao, Zhonghua and Guo, Shanqing and Xu, Qiuliang and Ban, Tao},
    number = {PART 1},
    pages = {563--570},
    volume = {5506 LNCS},
    isbn = {3642024890},
    doi = {10.1007/978-3-642-02490-0{\_}69},
    issn = {03029743}
}

@article{QiuBrigham2006GenerationSeparation,
    title = {{Generation of Random Clusters with Specified Degree of Separation}},
    year = {2006},
    journal = {Journal of Classification},
    author = {Qiu Brigham, Weiliang and Harry Joe, Boston and Joe, H and Qiu, W},
    pages = {315--334},
    volume = {23},
    doi = {10.1007/s00357-006-0018-y},
    keywords = {Cluster generation, Factorial experiment design, Separation index}
}

@article{Golovin2017GoogleOptimization,
    title = {{Google Vizier: A Service for Black-Box Optimization}},
    year = {2017},
    author = {Golovin, Daniel and Solnik, Benjamin and Moitra, Subhodeep and Kochanski, Greg and Karro, John and Sculley, D},
    url = {https://doi.org/10.1145/3097983.3098043},
    isbn = {9781450348874},
    doi = {10.1145/3097983.3098043},
    keywords = {Automated Stopping, Bayesian Optimization, Black-Box Optimization, Gaussian Processes, Hyperparameters, Transfer Learning}
}

@misc{HomeTPOT,
    title = {{Home - TPOT}},
    url = {http://epistasislab.github.io/tpot/},
    howpublished = {http://epistasislab.github.io/tpot/}
}

@misc{HomeDocumentation,
    title = {{Home - Welcome to MLBox’s official documentation — MLBox Documentation}},
    url = {https://mlbox.readthedocs.io/en/latest/},
    howpublished = {https://mlbox.readthedocs.io/en/latest/}
}

@article{Li2017Hyperband:Optimization,
    title = {{Hyperband: A Novel Bandit-Based Approach to Hyperparameter Optimization}},
    year = {2017},
    author = {Li, Lisha and Jamieson, Kevin and DeSalvo, Giulia and Rostamizadeh, Afshin and Talwalkar, Ameet},
    month = {3},
    url = {http://arxiv.org/abs/1603.06560},
    arxivId = {1603.06560}
}

@techreport{FeurerHyperparameterOptimization,
    title = {{Hyperparameter Optimization}},
    author = {Feurer, Matthias and Hutter, Frank},
    url = {https://www.automl.org/wp-content/uploads/2018/09/chapter1-hpo.pdf}
}

@article{Feurer2015InitializingMeta-Learning,
    title = {{Initializing Bayesian Hyperparameter Optimization via Meta-Learning}},
    year = {2015},
    journal = {Proceedings of the Twenty-nineth National Conference on Artificial Intelligence (AAAI’15)},
    author = {Feurer, Matthias and Springenberg, Jost Tobias and Hutter, Frank},
    pages = {1128--1135},
    isbn = {9781577357001},
    doi = {10.1002/9781444307399},
    keywords = {Heuristic Search and Optimization Track}
}

@article{Fritz2019InitializingAnalysis,
    title = {{Initializing k-Means Efficiently: Benefits for Exploratory Cluster Analysis}},
    year = {2019},
    author = {Fritz, Manuel and Schwarz, Holger},
    month = {10},
    pages = {146--163},
    publisher = {Springer, Cham},
    doi = {10.1007/978-3-030-33246-4{\_}9}
}

@inproceedings{Arthur2007K-means++:Seeding,
    title = {{k-means++: The Advantages of Careful Seeding}},
    year = {2007},
    booktitle = {Proceedings of the eighteenth annual ACM-SIAM symposium on Discrete algorithms},
    author = {Arthur, D. and {Vassilvitskii}},
    pages = {1027–1035},
    publisher = {Society for Industrial and Applied Mathematics Philadelphia}
}

@techreport{Bengio2007Large-ScaleMachines,
    title = {{Large-Scale Kernel Machines}},
    year = {2007},
    author = {Bengio, Yoshua and LeCun, Yann},
    publisher = {MIT Press},
    url = {http://yann.lecun.com/exdb/publis/pdf/bengio-lecun-07.pdf}
}

@techreport{Nargesian2017LearningClassification,
    title = {{Learning Feature Engineering for Classification}},
    year = {2017},
    author = {Nargesian, Fatemeh and Samulowitz, Horst and Khurana, Udayan and Khalil, Elias B and Turaga, Deepak},
    url = {https://www.ijcai.org/proceedings/2017/0352.pdf},
    keywords = {Machine Learning: Classification, Machine Learning: Feature Selection/Construction}
}

@techreport{HamerlyLearningK-means,
    title = {{Learning the k in k-means}},
    author = {Hamerly, Greg and Elkan, Charles},
    url = {https://papers.nips.cc/paper/2526-learning-the-k-in-k-means.pdf}
}

@article{Hamerly2003LearningK-Means,
    title = {{Learning the K in K-Means}},
    year = {2003},
    journal = {IN NEURAL INFORMATION PROCESSING SYSTEMS},
    author = {Hamerly, Greg and Hamerly, Greg and Elkan, Charles},
    pages = {2003},
    volume = {17},
    url = {http://citeseerx.ist.psu.edu/viewdoc/summary?doi=10.1.1.9.3574}
}

@techreport{LiLearningOptimize,
    title = {{Learning to Optimize}},
    author = {Li, Ke and Malik, Jitendra},
    url = {https://arxiv.org/pdf/1606.01885.pdf},
    arxivId = {1606.01885v1}
}

@book{MitchellMachineLearning,
    title = {{Machine learning}},
    author = {Mitchell, Tom M},
    isbn = {0070428077},
    doi = {10.1016/j.cub.2007.11.035},
    issn = {03600300},
    pmid = {20236947},
    arxivId = {0-387-31073-8}
}

@techreport{WilsonMaximizingOptimization,
    title = {{Maximizing acquisition functions for Bayesian optimization}},
    author = {Wilson, James T and Hutter, Frank and Deisenroth, Marc Peter},
    url = {http://papers.nips.cc/paper/8194-maximizing-acquisition-functions-for-bayesian-optimization.pdf}
}

@article{Caruana2006MetaClustering,
    title = {{Meta Clustering}},
    year = {2006},
    journal = {Sixth International Conference on Data Mining (ICDM'06)},
    author = {Caruana, Rich and Elhawary, Mohamed and Nguyen, Nam and Smith, Casey and York, New},
    pages = {107--118},
    publisher = {IEEE},
    isbn = {0769527019},
    doi = {10.1109/ICDM.2006.103}
}

@techreport{Pfahringer2000Meta-LearningAlgorithms,
    title = {{Meta-Learning by Landmarking Various Learning Algorithms Digital Epidemiology of Opioids View project Moa: Massive Online Analytics View project Meta-Learning by Landmarking Various Learning Algorithms}},
    year = {2000},
    author = {Pfahringer, Bernhard and Bensusan, Hilan and Giraud-Carrier, Christophe},
    url = {https://www.researchgate.net/publication/221345088}
}

@techreport{Vanschoren2018Meta-Learning:Survey,
    title = {{Meta-Learning: A Survey}},
    year = {2018},
    author = {Vanschoren, Joaquin},
    url = {https://arxiv.org/pdf/1810.03548v1.pdf},
    isbn = {1810.03548v1},
    arxivId = {1810.03548v1}
}

@article{Brazdil2018MetalearningIssue,
    title = {{Metalearning and Algorithm Selection: progress, state of the art and introduction to the 2018 Special Issue}},
    year = {2018},
    journal = {Machine Learning},
    author = {Brazdil, Pavel and Giraud-Carrier, Christophe},
    number = {1},
    month = {1},
    pages = {1--14},
    volume = {107},
    publisher = {Springer US},
    url = {http://link.springer.com/10.1007/s10994-017-5692-y},
    doi = {10.1007/s10994-017-5692-y},
    issn = {0885-6125}
}

@book{Brazdil2010MetalearningMining.,
    title = {{Metalearning applications to data mining.}},
    year = {2010},
    author = {Brazdil, P. (PAVEL BRAZDIL) and Giraud-Carrier, C. and Soares, C. and Vilalta, R.},
    publisher = {Springer},
    isbn = {9783642092312}
}

@techreport{StrizMetalearningKDD,
    title = {{Metalearning for Data Mining and KDD}},
    author = {Str{\'{i}}{\v{z}}, Rostislav},
    url = {http://www.fit.vutbr.cz/study/courses/VPD/public/1213VPD-Striz.pdf},
    keywords = {DMA, IDA, KDD, data mining, machine learning, metalearning}
}

@article{Lemke2015Metalearning:Technologies,
    title = {{Metalearning: a survey of trends and technologies}},
    year = {2015},
    journal = {Artif Intell Rev},
    author = {Lemke, Christiane and Budka, Marcin and Gabrys, Bogdan},
    pages = {117--130},
    volume = {44},
    url = {https://link.springer.com/content/pdf/10.1007%2Fs10462-013-9406-y.pdf},
    doi = {10.1007/s10462-013-9406-y},
    keywords = {Life-long learning, Metaknowledge extraction, Metalearning}
}

@techreport{NascimentoMiningData,
    title = {{Mining Rules for the Automatic Selection Process of Clustering Methods Applied to Cancer Gene Expression Data}},
    author = {Nascimento, André C A and Prud{\^{e}}ncio, Ricardo B C and De Souto, Marcilio C P and Costa, Ivan G}
}

@article{Vartak2018MISTIQUE:Diagnosis,
    title = {{MISTIQUE: A System to Store and Query Model Intermediates for Model Diagnosis}},
    year = {2018},
    author = {Vartak, Manasi and F da Trindade, Joana M and Madden, Samuel and Zaharia, Matei},
    volume = {18},
    publisher = {ACM},
    url = {https://cs.stanford.edu/~matei/papers/2018/sigmod_mistique.pdf},
    isbn = {9781450347037},
    doi = {10.1145/3183713.3196934}
}

@article{Mohr2018ML-Plan:Planning,
    title = {{ML-Plan: Automated machine learning via hierarchical planning}},
    year = {2018},
    journal = {Machine Learning},
    author = {Mohr, Felix and Wever, Marcel and H{\"{u}}llermeier, Eyke},
    pages = {1495--1515},
    volume = {107},
    url = {https://doi.org/10.1007/s10994-018-5735-z},
    doi = {10.1007/s10994-018-5735-z}
}

@article{Jamieson2015Non-stochasticOptimization,
    title = {{Non-stochastic Best Arm Identification and Hyperparameter Optimization}},
    year = {2015},
    author = {Jamieson, Kevin and Talwalkar, Ameet},
    month = {2},
    url = {http://arxiv.org/abs/1502.07943},
    arxivId = {1502.07943}
}

@article{Helfmann2018OnEnsembles,
    title = {{On Hyperparameter Search in Cluster Ensembles}},
    year = {2018},
    author = {Helfmann, Luzie and von Lindheim, Johannes and Mollenhauer, Mattes and Banisch, Ralf},
    month = {3},
    url = {http://arxiv.org/abs/1803.11008},
    arxivId = {1803.11008}
}

@techreport{VanschorenOpenML:Learning,
    title = {{OpenML: networked science in machine learning}},
    author = {Vanschoren, Joaquin and Van Rijn, Jan N and Bischl, Bernd and Torgo, Luis},
    url = {http://skyserver.sdss3.org}
}

@misc{OverviewDocumentation,
    title = {{Overview — H2O 3.24.0.5 documentation}},
    url = {http://docs.h2o.ai/h2o/latest-stable/h2o-docs/index.html},
    howpublished = {http://docs.h2o.ai/h2o/latest-stable/h2o-docs/index.html}
}

@article{Eggensperger2017PitfallsConfiguration,
    title = {{Pitfalls and Best Practices in Algorithm Configuration}},
    year = {2017},
    author = {Eggensperger, Katharina and Lindauer, Marius and Hutter, Frank},
    month = {5},
    url = {http://arxiv.org/abs/1705.06058},
    arxivId = {1705.06058}
}

@techreport{SnoekPracticalAlgorithms,
    title = {{Practical Bayesian Optimization of Machine Learning Algorithms}},
    author = {Snoek, Jasper and Larochelle, Hugo and Adams, Ryan P},
    url = {https://papers.nips.cc/paper/4522-practical-bayesian-optimization-of-machine-learning-algorithms.pdf}
}

@article{Novikov2019PyClustering:Library,
    title = {{PyClustering: Data Mining Library}},
    year = {2019},
    journal = {Journal of Open Source Software},
    author = {Novikov, Andrei},
    number = {36},
    month = {4},
    pages = {1230},
    volume = {4},
    publisher = {The Open Journal},
    doi = {10.21105/joss.01230},
    issn = {2475-9066}
}

@article{NovikovPyClustering:Archive,
    title = {{PyClustering: Data Mining Library Software • Review • Repository • Archive}},
    author = {Novikov, Andrei V},
    url = {https://doi.org/10.21105/joss.01230},
    doi = {10.21105/joss.01230}
}

@article{Fritz2019Quality-drivenData,
    title = {{Quality-driven early stopping for explorative cluster analysis for big data}},
    year = {2019},
    journal = {SICS Software-Intensive Cyber-Physical Systems},
    author = {Fritz, Manuel and Behringer, Michael and Schwarz, · Holger},
    pages = {129--140},
    volume = {34},
    url = {https://doi.org/10.1007/s00450-019-00401-0},
    doi = {10.1007/s00450-019-00401-0},
    keywords = {Big data, Clustering, Convergence, Early stop, Regression}
}

@techreport{DeSoutoRankingApproach,
    title = {{Ranking and Selecting Clustering Algorithms Using a Meta-Learning Approach}},
    author = {De Souto, Marcilio C P and Prudencio, Ricardo B C and Soares, Rodrigo G F and Araujo, Daniel A S and Costa, Ivan G and Ludermir, Teresa B and Schliep, Alexander},
    url = {http://www.cs.bris.ac.uk/}
}

@article{Shalamov2018Reinforcement-basedOptimization,
    title = {{Reinforcement-based Method for Simultaneous Clustering Algorithm Selection and its Hyperparameters Optimization}},
    year = {2018},
    journal = {Procedia Computer Science},
    author = {Shalamov, Viacheslav and Efimova, Valeria and Muravyov, Sergey and Filchenkov, Andrey},
    month = {1},
    pages = {144--153},
    volume = {136},
    publisher = {Elsevier},
    url = {https://www.sciencedirect.com/science/article/pii/S1877050918315527},
    doi = {10.1016/J.PROCS.2018.08.247},
    issn = {1877-0509}
}

@techreport{KulisRevisitingNonparametrics,
    title = {{Revisiting k-means: New Algorithms via Bayesian Nonparametrics}},
    author = {Kulis, Brian and Jordan, Michael I},
    url = {https://icml.cc/2012/papers/291.pdf}
}

@article{Varoquaux2015Scikit-learn,
    title = {{Scikit-learn}},
    year = {2015},
    journal = {GetMobile: Mobile Computing and Communications},
    author = {Varoquaux, Gaël and Buitinck, L. and Louppe, G. and Grisel, Olivier and Pedregosa, Fabian and Mueller, A.},
    number = {1},
    pages = {29--33},
    volume = {19},
    url = {http://scikit-learn.sourceforge.net.},
    doi = {10.1145/2786984.2786995},
    issn = {23750529},
    keywords = {Python, model selection, supervised learning, unsupervised learning}
}

@article{Head2018Scikit-optimize,
    title = {{Scikit-optimize}},
    year = {2018},
    author = {Head, Tim and {MechCoder} and Louppe, Gilles and Shcherbatyi, Iaroslav and {fcharras} and Vin{\'{i}}cius, Zé and {cmmalone} and Schr{\"{o}}der, Christopher and {nel215} and Campos, Nuno and Young, Todd and Cereda, Stefano and Fan, Thomas and {rene-rex} and Shi, Kejia (KJ) and Schwabedal, Justus and {carlosdanielcsantos} and {Hvass-Labs} and Pak, Mikhail and {SoManyUsernamesTaken} and Callaway, Fred and Est{\`{e}}ve, Loïc and Besson, Lilian and Cherti, Mehdi and Pfannschmidt, Karlson and Linzberger, Fabian and Cauet, Christophe and Gut, Anna and Mueller, Andreas and Fabisch, Alexander},
    month = {3},
    url = {https://zenodo.org/record/1207017},
    doi = {10.5281/ZENODO.1207017}
}

@techreport{HutterSequentialConfiguration,
    title = {{Sequential Model-Based Optimization for General Algorithm Configuration}},
    author = {Hutter, Frank and Hoos, Holger H and Leyton-Brown, Kevin},
    url = {https://ml.informatik.uni-freiburg.de/papers/11-LION5-SMAC.pdf}
}

@article{Rousseeuw1987Silhouettes:Analysis,
    title = {{Silhouettes: A graphical aid to the interpretation and validation of cluster analysis}},
    year = {1987},
    journal = {Journal of Computational and Applied Mathematics},
    author = {Rousseeuw, Peter J.},
    number = {C},
    pages = {53--65},
    volume = {20},
    doi = {10.1016/0377-0427(87)90125-7},
    issn = {03770427},
    keywords = {Graphical display, classification, cluster analysis, clustering validity}
}

@inproceedings{Pimentel2018StatisticalMeta-Learning,
    title = {{Statistical versus Distance-Based Meta-Features for Clustering Algorithm recommendation Using Meta-Learning}},
    year = {2018},
    booktitle = {2018 International Joint Conference on Neural Networks (IJCNN)},
    author = {Pimentel, Bruno Almeida and de Carvalho, Andre C. P. L. F.},
    month = {7},
    pages = {1--8},
    publisher = {IEEE},
    url = {https://ieeexplore.ieee.org/document/8489182/},
    isbn = {978-1-5090-6014-6},
    doi = {10.1109/IJCNN.2018.8489182}
}

@article{Xu2005SurveyAlgorithms,
    title = {{Survey of Clustering Algorithms}},
    year = {2005},
    journal = {IEEE TRANSACTIONS ON NEURAL NETWORKS},
    author = {Xu, Rui and Wunsch, Donald},
    number = {3},
    volume = {16},
    url = {http://citeseerx.ist.psu.edu/viewdoc/download?doi=10.1.1.334.9507&rep=rep1&type=pdf},
    doi = {10.1109/TNN.2005.845141}
}

@article{Zoller2019SurveyLearning,
    title = {{Survey on Automated Machine Learning}},
    year = {2019},
    author = {Z{\"{o}}ller, Marc-André and Huber, Marco F.},
    month = {4},
    url = {http://arxiv.org/abs/1904.12054},
    arxivId = {1904.12054}
}

@techreport{YaoTakingLearning,
    title = {{Taking the Human out of Learning Applications: A Survey on Automated Machine Learning}},
    author = {Yao, Quanming and Wang, Mengshuo and Chen, Yuqiang and Dai, Wenyuan and Hu, Yi-Qi and Li, Yu-Feng and Tu, Wei-Wei and Yang, Qiang and Yu, Yang},
    url = {https://arxiv.org/pdf/1810.13306.pdf},
    arxivId = {1810.13306v3},
    keywords = {Index Terms-automated machine learning, hyper-parameter optimization, meta-learning, neural architecture search, transfer-learning}
}

@techreport{ShahriariTakingOptimization,
    title = {{Taking the Human Out of the Loop: A Review of Bayesian Optimization}},
    author = {Shahriari, Bobak and Swersky, Kevin and Wang, Ziyu and Adams, Ryan P and De Freitas, Nando},
    url = {http://www.ibm.com/software/commerce/optimization/cplex-optimizer/}
}

@techreport{Rivolli2018TowardsMeta-learning,
    title = {{Towards Reproducible Empirical Research in Meta-learning}},
    year = {2018},
    booktitle = {Towards Reproducible Empirical Research in Meta-Learning},
    author = {Rivolli, Adriano and F Garcia, Luís P and Soares, Carlos and Vanschoren, Joaquin},
    url = {https://CRAN.R-project.org/package=mfe,},
    arxivId = {1808.10406v1},
    keywords = {Characterization Measures, Classification Problems, Meta-features, Meta-learning, Reproducible Machine Learning}
}

@misc{TransmogrifAIEngineering,
    title = {{TransmogrifAI - AutoML library for building modular, reusable, strongly typed machine learning workflows on Spark from Salesforce Engineering}},
    url = {https://transmogrif.ai/},
    howpublished = {https://transmogrif.ai/}
}

@article{Liaw2018Tune:Training,
    title = {{Tune: A Research Platform for Distributed Model Selection and Training}},
    year = {2018},
    author = {Liaw, Richard and Liang, Eric and Nishihara, Robert and Moritz, Philipp and Gonzalez, Joseph E. and Stoica, Ion},
    month = {7},
    url = {http://arxiv.org/abs/1807.05118},
    arxivId = {1807.05118}
}

@techreport{CraenendonckUsingAlgorithms,
    title = {{Using Internal Validity Measures to Compare Clustering Algorithms}},
    author = {Craenendonck, Toon Van and Blockeel, Hendrik and Leuven, K U},
    url = {https://core.ac.uk/download/pdf/34638779.pdf}
}

@techreport{Vilalta2004UsingMining,
    title = {{Using Meta-Learning to Support Data Mining}},
    year = {2004},
    booktitle = {International Journal of Computer Science {\&} Applications {\textcopyright}},
    author = {Vilalta, Ricardo and Giraud-Carrier, Christophe and Brazdil, Pavel and Soares, Carlos},
    number = {1},
    pages = {31--45},
    volume = {I},
    url = {https://cling.csd.uwo.ca/cs860/papers/Meta_learning_IJCSA04.pdf}
}

@article{Pelleg2000X-means:Clusters,
    title = {{X-means: Extending K-means with Efficient Estimation of the Number of Clusters}},
    year = {2000},
    journal = {IN PROCEEDINGS OF THE 17TH INTERNATIONAL CONF. ON MACHINE LEARNING},
    author = {Pelleg, Dau and Pelleg, Dau and Moore, Andrew},
    pages = {727--734},
    url = {http://citeseerx.ist.psu.edu/viewdoc/summary?doi=10.1.1.19.3377}
}